@article{nguyen2015facade,
  title={Facade: A compiler and runtime for (almost) object-bounded big data applications},
  author={Nguyen, Khanh and Wang, Kai and Bu, Yingyi and Fang, Lu and Hu, Jianfei and Xu, Guoqing},
  journal={ACM Sigplan Notices},
  volume={50},
  number={4},
  pages={675--690},
  year={2015},
  publisher={ACM}
}

@inproceedings{nguyen2016yak,
  title={Yak: A high-performance big-data-friendly garbage collector},
  author={Nguyen, Khanh and Fang, Lu and Xu, Guoqing and Demsky, Brian and Lu, Shan and Alamian, Sanazsadat and Mutlu, Onur},
  booktitle={12th $\{$USENIX$\}$ Symposium on Operating Systems Design and Implementation ($\{$OSDI$\}$ 16)},
  pages={349--365},
  year={2016}
}

@inproceedings{gog2015broom,
  title={Broom: Sweeping out garbage collection from big data systems},
  author={Gog, Ionel and Giceva, Jana and Schwarzkopf, Malte and Vaswani, Kapil and Vytiniotis, Dimitrios and Ramalingam, Ganesan and Costa, Manuel and Murray, Derek G and Hand, Steven and Isard, Michael},
  booktitle={15th Workshop on Hot Topics in Operating Systems (HotOS $\{$XV$\}$)},
  year={2015}
}

@inproceedings{nguyen2018skyway,
  title={Skyway: Connecting managed heaps in distributed big data systems},
  author={Nguyen, Khanh and Fang, Lu and Navasca, Christian and Xu, Guoqing and Demsky, Brian and Lu, Shan},
  booktitle={ACM SIGPLAN Notices},
  volume={53},
  number={2},
  pages={56--69},
  year={2018},
  organization={ACM}
}

@article{maas2016taurus,
  title={Taurus: A holistic language runtime system for coordinating distributed managed-language applications},
  author={Maas, Martin and Asanovi{\'c}, Krste and Harris, Tim and Kubiatowicz, John},
  journal={ACM SIGOPS Operating Systems Review},
  volume={50},
  number={2},
  pages={457--471},
  year={2016},
  publisher={ACM}
}

@inproceedings{lion2016don,
  title={Don’t get caught in the cold, warm-up your $\{$JVM$\}$: Understand and eliminate $\{$JVM$\}$ warm-up overhead in data-parallel systems},
  author={Lion, David and Chiu, Adrian and Sun, Hailong and Zhuang, Xin and Grcevski, Nikola and Yuan, Ding},
  booktitle={12th $\{$USENIX$\}$ Symposium on Operating Systems Design and Implementation ($\{$OSDI$\}$ 16)},
  pages={383--400},
  year={2016}
}

@book{Understand_JVM,
  author    = {周志明},
  publisher = {机械工业出版社},
  location  = {北京}, 
  date      = {2016},
  title     = {深入理解Java虚拟机：JVM高级特性与最佳实践}
}

@online{G1,
  author  = {oracle},
  url     = {https://www.oracle.com/webfolder/technetwork/tutorials/obe/java/G1GettingStarted/index.html#t5}
}

@inproceedings{maas2015trash,
  title={Trash day: Coordinating garbage collection in distributed systems},
  author={Maas, Martin and Harris, Tim and Asanovi{\'c}, Krste and Kubiatowicz, John},
  booktitle={15th Workshop on Hot Topics in Operating Systems (HotOS $\{$XV$\}$)},
  year={2015}
}

@inproceedings{bu2013bloat,
  title={A bloat-aware design for big data applications},
  author={Bu, Yingyi and Borkar, Vinayak and Xu, Guoqing and Carey, Michael J},
  booktitle={ACM SIGPLAN Notices},
  volume={48},
  number={11},
  pages={119--130},
  year={2013},
  organization={ACM}
}

@misc{xin2015project,
  title={Project Tungsten: Bringing Apache Spark Closer to Bare Metal.(2015)},
  author={Xin, Reynold and Rosen, Josh},
  year={2015}
}

@misc{rosendeep,
  title={Deep Dive into Project Tungsten: Bringing Spark Closer to Bare Metal. Jun. 16, 2015},
  author={Rosen, Josh}
}

@phdthesis{nguyen2019compiler,
  title={Compiler and Runtime Support for Efficient and Scalable Big Data Processing},
  author={Nguyen, Khanh Truong Duy},
  year={2019},
  school={UCLA}
}

@inproceedings{mitchell2007causes,
  title={The causes of bloat, the limits of health},
  author={Mitchell, Nick and Sevitsky, Gary},
  booktitle={ACM SIGPLAN Notices},
  volume={42},
  number={10},
  pages={245--260},
  year={2007},
  organization={ACM}
}

@inproceedings{navasca2019gerenuk,
  title={Gerenuk: thin computation over big native data using speculative program transformation},
  author={Navasca, Christian and Cai, Cheng and Nguyen, Khanh and Demsky, Brian and Lu, Shan and Kim, Miryung and Xu, Guoqing Harry},
  booktitle={Proceedings of the 27th ACM Symposium on Operating Systems Principles},
  pages={538--553},
  year={2019},
  organization={ACM}
}

@inproceedings{costa2012camdoop,
  title={Camdoop: Exploiting in-network aggregation for big data applications},
  author={Costa, Paolo and Donnelly, Austin and Rowstron, Antony and O'Shea, Greg},
  booktitle={Presented as part of the 9th $\{$USENIX$\}$ Symposium on Networked Systems Design and Implementation ($\{$NSDI$\}$ 12)},
  pages={29--42},
  year={2012}
}

@inproceedings{islam2012high,
  title={High performance RDMA-based design of HDFS over InfiniBand},
  author={Islam, Nusrat S and Rahman, Mohammad Wahidur and Jose, Jithin and Rajachandrasekar, Raghunath and Wang, Hao and Subramoni, Hari and Murthy, Chet and Panda, Dhabaleswar K},
  booktitle={Proceedings of the International Conference on High Performance Computing, Networking, Storage and Analysis},
  pages={35},
  year={2012},
  organization={IEEE Computer Society Press}
}

@inproceedings{wang2011hadoop,
  title={Hadoop acceleration through network levitated merge},
  author={Wang, Yandong and Que, Xinyu and Yu, Weikuan and Goldenberg, Dror and Sehgal, Dhiraj},
  booktitle={Proceedings of 2011 International Conference for High Performance Computing, Networking, Storage and Analysis},
  pages={57},
  year={2011},
  organization={ACM}
}

@inproceedings{hindman2011mesos,
  title={Mesos: A platform for fine-grained resource sharing in the data center.},
  author={Hindman, Benjamin and Konwinski, Andy and Zaharia, Matei and Ghodsi, Ali and Joseph, Anthony D and Katz, Randy H and Shenker, Scott and Stoica, Ion},
  booktitle={NSDI},
  volume={11},
  number={2011},
  pages={22--22},
  year={2011}
}

@inproceedings{ahmad2012tarazu,
  title={Tarazu: optimizing mapreduce on heterogeneous clusters},
  author={Ahmad, Faraz and Chakradhar, Srimat T and Raghunathan, Anand and Vijaykumar, TN},
  booktitle={ACM SIGARCH Computer Architecture News},
  volume={40},
  number={1},
  pages={61--74},
  year={2012},
  organization={ACM}
}

@inproceedings{ananthanarayanan2010reining,
  title={Reining in the Outliers in Map-Reduce Clusters using Mantri.},
  author={Ananthanarayanan, Ganesh and Kandula, Srikanth and Greenberg, Albert G and Stoica, Ion and Lu, Yi and Saha, Bikas and Harris, Edward},
  booktitle={Osdi},
  volume={10},
  number={1},
  pages={24},
  year={2010}
}

@inproceedings{isard2009quincy,
  title={Quincy: fair scheduling for distributed computing clusters},
  author={Isard, Michael and Prabhakaran, Vijayan and Currey, Jon and Wieder, Udi and Talwar, Kunal and Goldberg, Andrew},
  booktitle={Proceedings of the ACM SIGOPS 22nd symposium on Operating systems principles},
  pages={261--276},
  year={2009},
  organization={ACM}
}

@inproceedings{ousterhout2013sparrow,
  title={Sparrow: distributed, low latency scheduling},
  author={Ousterhout, Kay and Wendell, Patrick and Zaharia, Matei and Stoica, Ion},
  booktitle={Proceedings of the Twenty-Fourth ACM Symposium on Operating Systems Principles},
  pages={69--84},
  year={2013},
  organization={ACM}
}

@inproceedings{zaharia2008improving,
  title={Improving MapReduce performance in heterogeneous environments.},
  author={Zaharia, Matei and Konwinski, Andy and Joseph, Anthony D and Katz, Randy H and Stoica, Ion},
  booktitle={Osdi},
  volume={8},
  number={4},
  pages={7},
  year={2008}
}